%% This BibTeX bibliography file was created using BibDesk.
%% http://bibdesk.sourceforge.net/

@inproceedings{EbKe95,
	Author = {Eberhart, R. and Kennedy, J.},
	Booktitle = {Micro Machine and Human Science, 1995. MHS '95., Proc. of the Sixth Int. Symp. on},
	Date-Added = {2010-01-13 15:43:24 -0600},
	Date-Modified = {2010-01-13 15:43:25 -0600},
	Doi = {10.1109/MHS.1995.494215},
	Keywords = {swarm intelligence},
	Local-Url = {EbKe95.pdf},
	Month = {Oct},
	Pages = {39-43},
	Title = {A new optimizer using particle swarm theory},
	Year = {1995}}

@inproceedings{KeEb95,
	Author = {Kennedy, J. and Eberhart, R.},
	Booktitle = {Proc., IEEE Int. Conf. on Neural Networks, 1995},
	Date-Added = {2010-01-13 15:43:24 -0600},
	Date-Modified = {2010-03-22 11:42:40 -0500},
	Doi = {10.1109/ICNN.1995.488968},
	Keywords = {swarm intelligence},
	Local-Url = {KeEb95.pdf},
	Month = {November},
	Pages = {1942-1948},
	Title = {Particle swarm optimization},
	Volume = {4},
	Year = {1995}}
