%% This BibTeX bibliography file was created using BibDesk.
%% http://bibdesk.sourceforge.net/

@inproceedings{KeEb95,
	Author = {Kennedy, J. and Eberhart, R.},
	Booktitle = {Proc., IEEE Int. Conf. on Neural Networks, 1995},
	Date-Added = {2010-01-13 15:43:24 -0600},
	Date-Modified = {2010-03-22 11:42:40 -0500},
	Doi = {10.1109/ICNN.1995.488968},
	Keywords = {swarm intelligence},
	Local-Url = {KeEb95.pdf},
	Month = {November},
	Pages = {1942-1948},
	Title = {Particle swarm optimization},
	Volume = {4},
	Year = {1995}}}

@online{rob1,
  author = {Rick Hartley},
  title = {RF / Microwave PC Board Design and Layout},
  year = 2015,
  url = {http://www.qsl.net/va3iul/},
  urldate = {2015-03-03}}
  
  
@online{rpi2,
  author = {Raspberry Pi Foundation},
  title = {Raspberry Pi 2 Model B},
  year = 2015,
  url = {http://www.raspberrypi.org/products/raspberry-pi-2-model-b/},
  urldate = {2015-03-01}}
  
   
  @manual{vnaj-hl,
  author = {Dietmar Krause},
  title = {vna/J 3.x User guide for headless application},
  year = 2015,
  url = {http://download.dl2sba.com/vnaj/manuals/UserGuide.headless.pdf},
  urldate = {2015-03-01}}
  
  @manual{vnaj,
  author = {Dietmar Krause},
  title = {vna/J 3.1.4 User guide},
  year = 2015,
  url = {http://download.dl2sba.com/vnaj/manuals/UserGuide.pdf},
  urldate = {2015-03-01}}
 
  
  @online{vnaspecs,
  author = {mRS mini Radio Solutions},
  title = {miniVNA PRO},
  year = 2015,
  url = {http://miniradiosolutions.com/minivna-pro},
  urldate = {2015-03-01}}
  
% {pinout} http://pi.gadgetoid.com/pinout
%{vnaj-hl} http://download.dl2sba.com/vnaj/manuals/UserGuide.pdf
%{vnaj} http://download.dl2sba.com/vnaj/manuals/UserGuide.headless.pdf
%{vnaspecs} http://miniradiosolutions.com/minivna-pro/
%{dropbox} https://github.com/andreafabrizi/Dropbox-Uploader



%[1] mRS mini Radio Solutions. ‘miniVNA PRO’, 2015. [Online]. Available: http://miniradiosolutions.com/minivna-pro. [Accessed: 01-Mar-2015].
%[1]R. Gibbs, 'Raspberry Pi: Run Shutdown Button Script at Boot’, Blog.initialstate.com, 2014. [Online]. Available: http://blog.initialstate.com/pi-shutdown-button-at-boot/#!prettyPhoto. [Accessed: 02- Mar- 2015].
%
%[1]  Steven.R.Best, Jarret D. Morrow, “ limitation of inductive circuit model representation of meander line antenna”, USA,Nov. 19th 2003
%[2] Minjie Ma, Kai Deng, “The study and implementation of meander-line antenna for an integrated transceiver design”. China, Feb. 2010
%[3]Jalil-Agha Rashed Mohassel, “Meander  antenna”, University of Michigan ,1982
%
%[1] P. Frost, “What, if anything, makes shielded loop antennas so great at rejecting local noise?”” http://electronics.stackexchange.com/questions/70262/what-if-anything-makes-shielded-loop-antennas-so-great-at-rejecting-local-nois”,05/30/13.
%[2] R. Spiegel, C. Booth, E. Bronaugh, “A Radiation Measuring System with Potential Automotive Under-Hood Application”, Vol.EMC-25, May 1983.
